% Encoding: UTF-8

@Article{onorato2012,
	Title                    = {Investigating the magnetic interaction with Geomag and Tracker Video Analysis: static equilibrium and anharmonic dynamics},
	Author                   = {P. Onorato and P. Mascheretti and A. DeAmbrosis },
	Journal                  = {European Journal of Physics},
	Year                     = {2012},
	
	Owner                    = {eduardo-ssr},
	Timestamp                = {2018.06.14}
}

@Article{Acquesta2008,
  Title                    = {Estudo da Biomecânica do movimento humano no Brasil},
  Author                   = {F. M. Acquesta and J. S. Iwamizu and I. C. Ferreira1 (in memorian) and R. A. Boaretto and D. R. Mendes and F. Hermann L.Mochizuki and A. C. Amadio and J. C. Serrão},
  Journal                  = {Revista Brasileira de Biomecânica},
  Year                     = {2008},

  File                     = {o estudo da biomecânica do movimento:.pdf:PDF},
  Owner                    = {eduardo-ssr},
  Timestamp                = {2018.06.14}
}
@Article{song2016,
	Title                    = {How Fast Is Your Body Motion? Determining a Sufficient Frame Rate for an Optical Motion Tracking System Using Passive Markers},
	Author                   = {MinHo Song and Rolf Inge Godoy},
	Journal                  = {Plos One},
	Year                     = {2016},
	
	Owner                    = {eduardo-ssr},
	Timestamp                = {2018.11.27}
}

@Article{madeiro2011,
	Title                    = {Introdução à Compressão de Sinais},
	Author                   = {F. Madeiro and W. T. A. Lopes},
	Journal                  = {Revista de Tecnologia da Informação e Comunicação},
	Year                     = {2011},
	
	Owner                    = {eduardo-ssr},
	Timestamp                = {2018.11.27}
}

@Article{ahmad2013,
  Title                    = {Reviews on Various Inertial Measurement Unit (IMU) Sensor Applications},
  Author                   = {N. Ahmad and R. A. R. Ghazilla and N. M. Khairi},
  Journal                  = {International Journal of Signal Processing Systems},
  Year                     = {2013},

  File                     = {:/home/eduardo-ssr/Downloads/imu_aplications.pdf:PDF},
  Owner                    = {eduardo-ssr},
  Timestamp                = {2018.06.15}
}

@Article{almeida2014,
	Title                    = {Sensores Inerciais},
	Author                   = {Vinicius Mauricio de Almeida},
	Year                     = {2014},
	Note 					   = {Acesso em: 06/07/2018},
	Url                      = {http://www.decom.ufop.br/imobilis/sensores-inerciais/},
}

@Book{arduino2011,
	Title                    = {Arduino Básico},
	Author                   = {Michael Mc Roberts},
	Year                     = {2011},
	Pages                    = {456},
	
	Address                  = {São Paulo, Brazil},
	Editor                   = {Novatec Editora Ltda.},
	Publisher                = {Novatec},
}
@Book{willsky2010,
	Title                    = {Sinais e Sistemas},
	Author                   = {Alan V. Oppenheim and Alan S. Willsky and Syed Hamid Nawab},
	Year                     = {2010},
	Pages                    = {592},
	
	Address                  = {Brasil},
	Editor                   = {Pearson},
	Publisher                = {Pearson},
}

@Article{arruda2007,
  Title                    = {Como fazer referências: bibliográficas, eletrônicas e demais formas de documentos},
  Author                   = {M. B. B. Arruda},
  Year                     = {2007},
  Note 					   = {Acesso em: 20/06/2018},
  Url                      = {http://bu.ufsc.br/framerefer.html},
}

@InProceedings{amadio2007,
  Title                    = {Conyextualização da Biomecânica para a Investigação do Movimento: fundamentos, métodos e aplicações para análise da técnica esportiva.},
  Author                   = {A. C. Amadio and J. C. SERRÃO},
  Booktitle                = {Revista Brasileira de Educação Física e Esporte},
  Year                     = {2007},
  Pages                    = {61-85},
  Volume                   = {21},
  Address 				  = {São Paulo, Brasil},
}

@Article{carneiro2003,
	Title                    = {Levantamento Bibliográfico das Tecnologias dos Acelerômetros Comerciais},
	Author                   = {Felipe Marcus Carneiro},
	Year                     = {2003},
	
	Url                      = {http://www.fem.unicamp.br/~lotavio/tgs/2003_BibliografiaDeAcelerometros_TG_FelipeCarneiro.pdf},
	Note 					= {Acesso em: 05/07/2018}
}

@Article{medeiros2013,
	Title                    = {Identificação de assimetrias bilaterais dos membros inferiores por meio de salto vertical.},
	Author                   = {M. F. MEDEIROS},
	Year                     = {2012},
	Address					 ={Minas Gerais, Brasil},
}

@Article{chang2016,
  Title                    = {Improved Cycling Navigation Using Inertial Sensors Measurements From Portable Devices With Arbitrary Orientation},
  Author                   = {H. Chang and J. Georgy and N. El-Sheimy},
  Journal                  = {IEEE Transactions on Instrumentation and Measurement},
  Year                     = {2016},

  Doi                      = {10.1109/TIM.2014.2381356},
  Note 					   = {Acesso em: 29/06/2018},
  Url                      = {https://ieeexplore.ieee.org/document/7112512/citations?tabFilter=papers},
}

@Article{chavier2016,
	Title                    = {Programação para Arduino},
	Author                   = {Luis Fernado Chavier},
	Year                     = {2016},
	Note 					   = {Acesso em: 05/07/2018},
	Url                      = {<https://www.circuitar.com.br/tutoriais/programacao-para-arduino-primeiros-passos/>},
}

@Article{clark1986,
  Title                    = {Private Communication},
  Author                   = {J. A. Clark},
  Year                     = {1986},

  Address                  = {University of Michigan}
}

@Book{coimbra1978,
  Title                    = {Lessons of Continuum Mechanics},
  Author                   = {A. L. Coimbra},
  Year                     = {1978},
  Pages                    = {428},

  Address                  = {São Paulo, Brazil},
  Editor                   = {Edgard Blücher},
}

@Book{dawson2010,
	Title                    = {Python® Programming for the Absolute Beginner, Third Edition},
	Author                   = {Michael Dawson},
	Pages                    = {480},
	Editor                   = {Course Technology},
	Publisher                = {Cengage Learning},
	Address                  = {Massachusetts - USA},
	Year                     = {2010},
	
}

@Book{downey2012,
	Title                    = {Think Python: How to Think Like a Computer Scientist},
	Author                   = {Allen Downey},
	Pages                    = {240},
	Address                  = {Massachusetts - USA},
	Editor                   = {Green Tea Pess},
	Publisher                = {Green Tea Pess},
	Year                     = {2012},
	
}

@Article{forhan2010,
	Title                    = {Giroscópios MEMS},
	Author                   = {Neiyse Amparo Escobal Forhan},
	Year                     = {2010},
	Address                  = {São José dos Campos - SP, Brazil},
	Url					     = {<http://urlib.net/sid.inpe.br/mtc-m19@80/2010/01.25.18.42>},
	Note					 ={Acesso em: 05/07/2018}

}

@Article{john2018,
	Title                    = {Arduino Nano Tutorial - Pinout and Schematics},
	Author                   = {D. John},
	Year                     = {2018},
	Note 					 = {Acesso em: 09/07/2018},
	Url                      = {<http://www.circuitstoday.com/arduino-nano-tutorial-pinout-schematics>},
}



@Article{howard2016,
  Title                    = {Wireless Sensor Devices in Sports Performance},
  Author                   = {R. Howard},
  Journal                  = {IEEE Potentials},
  Year                     = {2016},

  Doi                      = {10.1109/MPOT.2015.2501679}
}

@Article{miziara2014,
	Title                    = {Proposta de um sistema para avaliação biomecânica de atletas de taekwondo.},
	Author                   = {Isabela Marques Miziara},
	School                  = {Universidade Federal de Uberlândia},
	Address					= {Uberlândia - MG, Brasil},
	Year                     = {2014},
	
}

@Manual{mpu6050,
  Title                    = {MPU-6000 and MPU-6050 Product Specification Revision 3.4.},
  Author                   = {INC INVENSENSE},
  Organization             = {Sunnyvale: Invensense Inc.},
  Year                     = {2013},

  File                     = {:/home/eduardo-ssr/Downloads/MPU-6000-Datasheet1.pdf:PDF},
  Owner                    = {eduardo-ssr},
  Timestamp                = {2018.06.15}
}

@PhdThesis{mcginnis2013,
  Title                    = {Advancing Applications of IMUs in Sports Training and Biomechanics},
  Author                   = {Ryan S. McGinnis},
  School                   = {University of Michigan},
  Year                     = {2013},

  File                     = {:/home/eduardo-ssr/Downloads/ryanmcg_1.pdf:PDF}
}

@Book{monk2012,
	Title                    = {Programming Arduino: Getting Starded with Sketches},
	Author                   = {Simon Monk},
	Editor                   = {McGraw-Hill},
	Pages                    = {177},
	Publisher                = {McGraw-Hill Companies},
	Year                     = {2012},
	
}

@Book{moyses2013,
	Title                    = {Curso de Física Básica: Mecânica},
	Author                   = {H. Moysés Nussenzveig},
	Volume 					 = {1},
	Pages                    = {336},
	Editor                   = {Editora Edgard Blücher},
	Publisher                = {Blucher},
	Year                     = {2013},

}

@Article{mota2017,
	Title                    = {Por que usar Jupyter Notebook?},
	Author                   = {Suzana Mota},
	Year                     = {2017},
	Note 					   = {Acesso em: 06/07/2018},
	Url                      = {<https://medium.com/@suzana.svm/por-que-usar-jupyter-notebook-77d5a59b42a1>},
}

@Book{reitz2018,
	Title                    = {Python Guide Documentation},
	Author                   = {Kenneth Reitz},
	Volume 					 = {1},
	Pages                    = {129},
	
	Year                     = {2018},
	
}






@PhdThesis{ober2015,
  Title                    = {Inertial Measurement Unit (IMU) Technology: Inverse Kinematics: Joint Considerations and the Maths for Deriving Anatomical},
  Author                   = {K. D. Oberlander},
  School                   = {University of Koblenz-Ladau},
  Year                     = {2015},

  File                     = {:/home/eduardo-ssr/Downloads/imu-tech-report.pdf:PDF},
  Owner                    = {eduardo-ssr},
  Timestamp                = {2018.06.14}
}

@Article{okazaki2012,
  Title                    = {Ciência e tecnologia aplicada à melhoria do desempenho esportivo},
  Author                   = {V. H. A. Okazaki and F. H. A. Okazaki and J. B. Dascal and L. A. Teixeira},
  Journal                  = {Revista Mackenzie de Educação Física e Esporte},
  Year                     = {2012},

  File                     = {:/home/eduardo-ssr/Downloads/3451-18719-1-PB.pdf:PDF}
}

@Book{prime2002,
  Title                    = {An Introduction to MEMS (Micro-electromechanical Systems)},
  Author                   = {PRIME},
  Editor                   = {Wolfson School of Mechanical and Manufacturing Engineering},
  Publisher                = {Prime Faraday Technology Watch},
  Year                     = {2002},
  Pages                    = {56},
  File                     = {:/home/eduardo-ssr/Downloads/mems.pdf:PDF},
  Owner                    = {eduardo-ssr},
  Timestamp                = {2018.06.14}
}

@Article{santos2016,
  Title                    = {Sensores Inercias Aplicados à Marcha Humana no Esporte},
  Author                   = {Caroline P. Santos and Mário E. M. Vieira and Sérgio L. Stevan Junior},
  Journal                  = {SEA-Seminário de Eletrônica e Automação},
  Year                     = {2016},

  File                     = {:/home/eduardo-ssr/Downloads/SEA2016-SENSORESINERCIAISAPLICADOSMARCHAHUMANANOESPORTE.pdf:PDF}
}

@Article{Sanjeev2018,
	Title                    = {How to Interface Arduino and the MPU 6050 Sensor},
	Author                   = {Arvind Sanjeev},
	Year                     = {2018},
	Note 					   = {Acesso em: 08/07/2018},
	Url                      = {https://maker.pro/arduino/tutorial/how-to-interface-arduino-and-the-mpu-6050-sensor},
}

@PhdThesis{smith2016,
	Title                    = {Wearable Technology and Gesture Recognition for Live Performance Augmentation},
	Author                   = {Sathya Smith},
	School                   = {University of Southern Queensland},
	Year                     = {2016},
	
	Owner                    = {eduardo-ssr},
	Timestamp                = {2018.06.14},
}

@InProceedings{rocha2005,
  Title                    = {Fisiologia do Exercício},
  Author                   = {M. Rocha},
  Booktitle                = {Atlas do esporte no Brasil},
  Year                     = {2005},
  Pages                    = {657 - 659},
  Address				   = {Rio de Janeiro, Brasil},
}

@InProceedings{amadio2000,
  Title                    = {Metodologia Biomecânica para o Estudo das Forças Internas ao Aparelho Locomotor: importância e aplicaçõesno movimento humano.},
  Author                   = {A. C. Amadio},
  Booktitle                = {A Biomecânica do Movimento e Suas Relações Interdiciplinares.},
  Year                     = {2000},
  Pages                    = {45-70},
  Address				   = {São Paulo, Brasil},
}

@Manual{NBR14724:2011,
  Title                    = {{NBR} 14724},

  Address                  = {Rio de Janeiro},
  Month                    = mar,
  Organization             = {Associa{\c c}\~ao Brasileira de Normas T\'ecnicas},
  Year                     = {2011},

  Date-added               = {2012-12-15 20:34:08 +0000},
  Date-modified            = {2012-12-15 20:35:25 +0000},
  Org-short                = {ABNT},
  Pages                    = {15},
  Subtitle                 = {Informa{\c c}\~ao e documenta{\c c}\~ao --- trabalhos acad\^emicos --- apresenta{\c c}\~ao}
}

@Manual{NBR6034:2000,
  Title                    = {{NBR} 14724},

  Address                  = {Rio de Janeiro},
  Organization             = {Associa{\c c}\~ao Brasileira de Normas T\'ecnicas},
  Year                     = {2000},

  Org-short                = {ABNT},
  Subtitle                 = {Informa{\c c}\~ao e documenta{\c c}\~ao --- Referências}
}

@Comment{jabref-meta: databaseType:bibtex;}
